@inproceedings{Pedarsani:2011:PAN:2020408.2020596,
 author = {Pedarsani, Pedram and Grossglauser, Matthias},
 title = {On the Privacy of Anonymized Networks},
 booktitle = {Proceedings of the 17th ACM SIGKDD International Conference on Knowledge Discovery and Data Mining},
 series = {KDD '11},
 year = {2011},
 isbn = {978-1-4503-0813-7},
 location = {San Diego, California, USA},
 pages = {1235--1243},
 numpages = {9},
 url = {http://doi.acm.org/10.1145/2020408.2020596},
 doi = {10.1145/2020408.2020596},
 acmid = {2020596},
 publisher = {ACM},
 address = {New York, NY, USA},
 keywords = {de-anonymization, graph sampling, network privacy, random graphs, social networks},
} 

@article{Cullina:2016:IAC:2964791.2901460,
 author = {Cullina, Daniel and Kiyavash, Negar},
 title = {Improved Achievability and Converse Bounds for Erdos-Renyi Graph Matching},
 journal = {SIGMETRICS Perform. Eval. Rev.},
 issue_date = {June 2016},
 volume = {44},
 number = {1},
 month = jun,
 year = {2016},
 issn = {0163-5999},
 pages = {63--72},
 numpages = {10},
 url = {http://doi.acm.org/10.1145/2964791.2901460},
 doi = {10.1145/2964791.2901460},
 acmid = {2901460},
 publisher = {ACM},
 address = {New York, NY, USA},
 keywords = {network alignment, random graphs, social networks},
} 

@article{Korula:2014:ERA:2732269.2732274,
 author = {Korula, Nitish and Lattanzi, Silvio},
 title = {An Efficient Reconciliation Algorithm for Social Networks},
 journal = {Proc. VLDB Endow.},
 issue_date = {Janary 2014},
 volume = {7},
 number = {5},
 month = jan,
 year = {2014},
 issn = {2150-8097},
 pages = {377--388},
 numpages = {12},
 url = {http://dx.doi.org/10.14778/2732269.2732274},
 doi = {10.14778/2732269.2732274},
 acmid = {2732274},
 publisher = {VLDB Endowment},
} 

@inproceedings{Yartseva:2013:PPG:2512938.2512952,
 author = {Yartseva, Lyudmila and Grossglauser, Matthias},
 title = {On the Performance of Percolation Graph Matching},
 booktitle = {Proceedings of the First ACM Conference on Online Social Networks},
 series = {COSN '13},
 year = {2013},
 isbn = {978-1-4503-2084-9},
 location = {Boston, Massachusetts, USA},
 pages = {119--130},
 numpages = {12},
 url = {http://doi.acm.org/10.1145/2512938.2512952},
 doi = {10.1145/2512938.2512952},
 acmid = {2512952},
 publisher = {ACM},
 address = {New York, NY, USA},
 keywords = {bootstrap percolation, de-anonymization, graph matching, graph sampling, social networks},
} 

@inproceedings{Backstrom:2007:WAT:1242572.1242598,
 author = {Backstrom, Lars and Dwork, Cynthia and Kleinberg, Jon},
 title = {Wherefore Art Thou R3579x?: Anonymized Social Networks, Hidden Patterns, and Structural Steganography},
 booktitle = {Proceedings of the 16th International Conference on World Wide Web},
 series = {WWW '07},
 year = {2007},
 isbn = {978-1-59593-654-7},
 location = {Banff, Alberta, Canada},
 pages = {181--190},
 numpages = {10},
 url = {http://doi.acm.org/10.1145/1242572.1242598},
 doi = {10.1145/1242572.1242598},
 acmid = {1242598},
 publisher = {ACM},
 address = {New York, NY, USA},
 keywords = {anonymization, privacy in data mining, social networks},
} 